%YAML 1.1
%TAG !u! tag:unity3d.com,2011:
--- !u!1 &4611484346499737501
GameObject:
  m_ObjectHideFlags: 0
  m_CorrespondingSourceObject: {fileID: 0}
  m_PrefabInstance: {fileID: 0}
  m_PrefabAsset: {fileID: 0}
  serializedVersion: 6
  m_Component:
  - component: {fileID: 1906150626363483064}
  - component: {fileID: 8980687848607908124}
  m_Layer: 6
  m_Name: Trigun
  m_TagString: Player
  m_Icon: {fileID: 0}
  m_NavMeshLayer: 0
  m_StaticEditorFlags: 0
  m_IsActive: 1
--- !u!4 &1906150626363483064
Transform:
  m_ObjectHideFlags: 0
  m_CorrespondingSourceObject: {fileID: 0}
  m_PrefabInstance: {fileID: 0}
  m_PrefabAsset: {fileID: 0}
  m_GameObject: {fileID: 4611484346499737501}
  m_LocalRotation: {x: 0, y: 0, z: 0, w: 1}
  m_LocalPosition: {x: 0, y: 0, z: 0}
  m_LocalScale: {x: 1, y: 1, z: 1}
  m_ConstrainProportionsScale: 0
  m_Children:
  - {fileID: 8148064010315147172}
  - {fileID: 5067995442455965890}
  - {fileID: 4853015359617308219}
  m_Father: {fileID: 0}
  m_RootOrder: 0
  m_LocalEulerAnglesHint: {x: 0, y: 0, z: 0}
--- !u!114 &8980687848607908124
MonoBehaviour:
  m_ObjectHideFlags: 0
  m_CorrespondingSourceObject: {fileID: 0}
  m_PrefabInstance: {fileID: 0}
  m_PrefabAsset: {fileID: 0}
  m_GameObject: {fileID: 4611484346499737501}
  m_Enabled: 1
  m_EditorHideFlags: 0
  m_Script: {fileID: 11500000, guid: 87721ab9446697346b40502c4af77c2a, type: 3}
  m_Name: 
  m_EditorClassIdentifier: 
  gunType: 0
  gunLevels: []
--- !u!1001 &5546493699613438898
PrefabInstance:
  m_ObjectHideFlags: 0
  serializedVersion: 2
  m_Modification:
    serializedVersion: 3
    m_TransformParent: {fileID: 1906150626363483064}
    m_Modifications:
    - target: {fileID: 4461562747026150422, guid: 65785a4b48762ff4b9f52f9a824bb2ff, type: 3}
      propertyPath: m_RootOrder
      value: 0
      objectReference: {fileID: 0}
    - target: {fileID: 4461562747026150422, guid: 65785a4b48762ff4b9f52f9a824bb2ff, type: 3}
      propertyPath: m_LocalPosition.x
      value: -0.2
      objectReference: {fileID: 0}
    - target: {fileID: 4461562747026150422, guid: 65785a4b48762ff4b9f52f9a824bb2ff, type: 3}
      propertyPath: m_LocalPosition.y
      value: 0
      objectReference: {fileID: 0}
    - target: {fileID: 4461562747026150422, guid: 65785a4b48762ff4b9f52f9a824bb2ff, type: 3}
      propertyPath: m_LocalPosition.z
      value: 0
      objectReference: {fileID: 0}
    - target: {fileID: 4461562747026150422, guid: 65785a4b48762ff4b9f52f9a824bb2ff, type: 3}
      propertyPath: m_LocalRotation.w
      value: 0.9914449
      objectReference: {fileID: 0}
    - target: {fileID: 4461562747026150422, guid: 65785a4b48762ff4b9f52f9a824bb2ff, type: 3}
      propertyPath: m_LocalRotation.x
      value: 0
      objectReference: {fileID: 0}
    - target: {fileID: 4461562747026150422, guid: 65785a4b48762ff4b9f52f9a824bb2ff, type: 3}
      propertyPath: m_LocalRotation.y
      value: 0
      objectReference: {fileID: 0}
    - target: {fileID: 4461562747026150422, guid: 65785a4b48762ff4b9f52f9a824bb2ff, type: 3}
      propertyPath: m_LocalRotation.z
      value: 0.13052616
      objectReference: {fileID: 0}
    - target: {fileID: 4461562747026150422, guid: 65785a4b48762ff4b9f52f9a824bb2ff, type: 3}
      propertyPath: m_LocalEulerAnglesHint.x
      value: 0
      objectReference: {fileID: 0}
    - target: {fileID: 4461562747026150422, guid: 65785a4b48762ff4b9f52f9a824bb2ff, type: 3}
      propertyPath: m_LocalEulerAnglesHint.y
      value: 0
      objectReference: {fileID: 0}
    - target: {fileID: 4461562747026150422, guid: 65785a4b48762ff4b9f52f9a824bb2ff, type: 3}
      propertyPath: m_LocalEulerAnglesHint.z
      value: 15
      objectReference: {fileID: 0}
    - target: {fileID: 4677362117897743486, guid: 65785a4b48762ff4b9f52f9a824bb2ff, type: 3}
      propertyPath: m_Volume
      value: 0.705
      objectReference: {fileID: 0}
    - target: {fileID: 4677362117897743486, guid: 65785a4b48762ff4b9f52f9a824bb2ff, type: 3}
      propertyPath: m_audioClip
      value: 
      objectReference: {fileID: 8300000, guid: a701a552885cde24791b591635c4deaa, type: 3}
    - target: {fileID: 5577817535248482553, guid: 65785a4b48762ff4b9f52f9a824bb2ff, type: 3}
      propertyPath: fireRate
      value: 2.5
      objectReference: {fileID: 0}
    - target: {fileID: 5577817535248482553, guid: 65785a4b48762ff4b9f52f9a824bb2ff, type: 3}
      propertyPath: projectileSpeed
      value: 10
      objectReference: {fileID: 0}
    - target: {fileID: 5577817535248482553, guid: 65785a4b48762ff4b9f52f9a824bb2ff, type: 3}
      propertyPath: damagePerProjectile
      value: 3
      objectReference: {fileID: 0}
    - target: {fileID: 8968033827062317985, guid: 65785a4b48762ff4b9f52f9a824bb2ff, type: 3}
      propertyPath: m_Name
      value: LeftGun
      objectReference: {fileID: 0}
    - target: {fileID: 8968033827062317985, guid: 65785a4b48762ff4b9f52f9a824bb2ff, type: 3}
      propertyPath: m_Layer
      value: 6
      objectReference: {fileID: 0}
    - target: {fileID: 8968033827062317985, guid: 65785a4b48762ff4b9f52f9a824bb2ff, type: 3}
      propertyPath: m_IsActive
      value: 1
      objectReference: {fileID: 0}
    - target: {fileID: 8968033827062317985, guid: 65785a4b48762ff4b9f52f9a824bb2ff, type: 3}
      propertyPath: m_TagString
      value: Player
      objectReference: {fileID: 0}
    m_RemovedComponents:
    - {fileID: 5761546757249357514, guid: 65785a4b48762ff4b9f52f9a824bb2ff, type: 3}
    m_RemovedGameObjects: []
    m_AddedGameObjects: []
    m_AddedComponents: []
  m_SourcePrefab: {fileID: 100100000, guid: 65785a4b48762ff4b9f52f9a824bb2ff, type: 3}
--- !u!4 &8148064010315147172 stripped
Transform:
  m_CorrespondingSourceObject: {fileID: 4461562747026150422, guid: 65785a4b48762ff4b9f52f9a824bb2ff, type: 3}
  m_PrefabInstance: {fileID: 5546493699613438898}
  m_PrefabAsset: {fileID: 0}
--- !u!1001 &8916991674127672532
PrefabInstance:
  m_ObjectHideFlags: 0
  serializedVersion: 2
  m_Modification:
    serializedVersion: 3
    m_TransformParent: {fileID: 1906150626363483064}
    m_Modifications:
    - target: {fileID: 4461562747026150422, guid: 65785a4b48762ff4b9f52f9a824bb2ff, type: 3}
      propertyPath: m_RootOrder
      value: 1
      objectReference: {fileID: 0}
    - target: {fileID: 4461562747026150422, guid: 65785a4b48762ff4b9f52f9a824bb2ff, type: 3}
      propertyPath: m_LocalPosition.x
      value: 0
      objectReference: {fileID: 0}
    - target: {fileID: 4461562747026150422, guid: 65785a4b48762ff4b9f52f9a824bb2ff, type: 3}
      propertyPath: m_LocalPosition.y
      value: 0.138
      objectReference: {fileID: 0}
    - target: {fileID: 4461562747026150422, guid: 65785a4b48762ff4b9f52f9a824bb2ff, type: 3}
      propertyPath: m_LocalPosition.z
      value: 0
      objectReference: {fileID: 0}
    - target: {fileID: 4461562747026150422, guid: 65785a4b48762ff4b9f52f9a824bb2ff, type: 3}
      propertyPath: m_LocalRotation.w
      value: 1
      objectReference: {fileID: 0}
    - target: {fileID: 4461562747026150422, guid: 65785a4b48762ff4b9f52f9a824bb2ff, type: 3}
      propertyPath: m_LocalRotation.x
      value: -0
      objectReference: {fileID: 0}
    - target: {fileID: 4461562747026150422, guid: 65785a4b48762ff4b9f52f9a824bb2ff, type: 3}
      propertyPath: m_LocalRotation.y
      value: -0
      objectReference: {fileID: 0}
    - target: {fileID: 4461562747026150422, guid: 65785a4b48762ff4b9f52f9a824bb2ff, type: 3}
      propertyPath: m_LocalRotation.z
      value: -0
      objectReference: {fileID: 0}
    - target: {fileID: 4461562747026150422, guid: 65785a4b48762ff4b9f52f9a824bb2ff, type: 3}
      propertyPath: m_LocalEulerAnglesHint.x
      value: 0
      objectReference: {fileID: 0}
    - target: {fileID: 4461562747026150422, guid: 65785a4b48762ff4b9f52f9a824bb2ff, type: 3}
      propertyPath: m_LocalEulerAnglesHint.y
      value: 0
      objectReference: {fileID: 0}
    - target: {fileID: 4461562747026150422, guid: 65785a4b48762ff4b9f52f9a824bb2ff, type: 3}
      propertyPath: m_LocalEulerAnglesHint.z
      value: 0
      objectReference: {fileID: 0}
    - target: {fileID: 4677362117897743486, guid: 65785a4b48762ff4b9f52f9a824bb2ff, type: 3}
      propertyPath: m_Volume
      value: 0.705
      objectReference: {fileID: 0}
    - target: {fileID: 4677362117897743486, guid: 65785a4b48762ff4b9f52f9a824bb2ff, type: 3}
      propertyPath: m_audioClip
      value: 
      objectReference: {fileID: 8300000, guid: 010204b309793004ba78b6ad3427b3f0, type: 3}
    - target: {fileID: 5577817535248482553, guid: 65785a4b48762ff4b9f52f9a824bb2ff, type: 3}
      propertyPath: fireRate
      value: 2.5
      objectReference: {fileID: 0}
    - target: {fileID: 5577817535248482553, guid: 65785a4b48762ff4b9f52f9a824bb2ff, type: 3}
      propertyPath: projectileSpeed
      value: 10
      objectReference: {fileID: 0}
    - target: {fileID: 5577817535248482553, guid: 65785a4b48762ff4b9f52f9a824bb2ff, type: 3}
      propertyPath: damagePerProjectile
      value: 3
      objectReference: {fileID: 0}
    - target: {fileID: 8968033827062317985, guid: 65785a4b48762ff4b9f52f9a824bb2ff, type: 3}
      propertyPath: m_Name
      value: MiddleGun
      objectReference: {fileID: 0}
    - target: {fileID: 8968033827062317985, guid: 65785a4b48762ff4b9f52f9a824bb2ff, type: 3}
      propertyPath: m_Layer
      value: 6
      objectReference: {fileID: 0}
    - target: {fileID: 8968033827062317985, guid: 65785a4b48762ff4b9f52f9a824bb2ff, type: 3}
      propertyPath: m_IsActive
      value: 1
      objectReference: {fileID: 0}
    - target: {fileID: 8968033827062317985, guid: 65785a4b48762ff4b9f52f9a824bb2ff, type: 3}
      propertyPath: m_TagString
      value: Player
      objectReference: {fileID: 0}
    m_RemovedComponents:
    - {fileID: 5761546757249357514, guid: 65785a4b48762ff4b9f52f9a824bb2ff, type: 3}
    m_RemovedGameObjects: []
    m_AddedGameObjects: []
    m_AddedComponents: []
  m_SourcePrefab: {fileID: 100100000, guid: 65785a4b48762ff4b9f52f9a824bb2ff, type: 3}
--- !u!4 &5067995442455965890 stripped
Transform:
  m_CorrespondingSourceObject: {fileID: 4461562747026150422, guid: 65785a4b48762ff4b9f52f9a824bb2ff, type: 3}
  m_PrefabInstance: {fileID: 8916991674127672532}
  m_PrefabAsset: {fileID: 0}
--- !u!1001 &9129914028458312237
PrefabInstance:
  m_ObjectHideFlags: 0
  serializedVersion: 2
  m_Modification:
    serializedVersion: 3
    m_TransformParent: {fileID: 1906150626363483064}
    m_Modifications:
    - target: {fileID: 4461562747026150422, guid: 65785a4b48762ff4b9f52f9a824bb2ff, type: 3}
      propertyPath: m_RootOrder
      value: 2
      objectReference: {fileID: 0}
    - target: {fileID: 4461562747026150422, guid: 65785a4b48762ff4b9f52f9a824bb2ff, type: 3}
      propertyPath: m_LocalPosition.x
      value: 0.2
      objectReference: {fileID: 0}
    - target: {fileID: 4461562747026150422, guid: 65785a4b48762ff4b9f52f9a824bb2ff, type: 3}
      propertyPath: m_LocalPosition.y
      value: 0
      objectReference: {fileID: 0}
    - target: {fileID: 4461562747026150422, guid: 65785a4b48762ff4b9f52f9a824bb2ff, type: 3}
      propertyPath: m_LocalPosition.z
      value: 0
      objectReference: {fileID: 0}
    - target: {fileID: 4461562747026150422, guid: 65785a4b48762ff4b9f52f9a824bb2ff, type: 3}
      propertyPath: m_LocalRotation.w
      value: 0.9914449
      objectReference: {fileID: 0}
    - target: {fileID: 4461562747026150422, guid: 65785a4b48762ff4b9f52f9a824bb2ff, type: 3}
      propertyPath: m_LocalRotation.x
      value: 0
      objectReference: {fileID: 0}
    - target: {fileID: 4461562747026150422, guid: 65785a4b48762ff4b9f52f9a824bb2ff, type: 3}
      propertyPath: m_LocalRotation.y
      value: 0
      objectReference: {fileID: 0}
    - target: {fileID: 4461562747026150422, guid: 65785a4b48762ff4b9f52f9a824bb2ff, type: 3}
      propertyPath: m_LocalRotation.z
      value: -0.13052624
      objectReference: {fileID: 0}
    - target: {fileID: 4461562747026150422, guid: 65785a4b48762ff4b9f52f9a824bb2ff, type: 3}
      propertyPath: m_LocalEulerAnglesHint.x
      value: 0
      objectReference: {fileID: 0}
    - target: {fileID: 4461562747026150422, guid: 65785a4b48762ff4b9f52f9a824bb2ff, type: 3}
      propertyPath: m_LocalEulerAnglesHint.y
      value: 0
      objectReference: {fileID: 0}
    - target: {fileID: 4461562747026150422, guid: 65785a4b48762ff4b9f52f9a824bb2ff, type: 3}
      propertyPath: m_LocalEulerAnglesHint.z
      value: -15
      objectReference: {fileID: 0}
    - target: {fileID: 4677362117897743486, guid: 65785a4b48762ff4b9f52f9a824bb2ff, type: 3}
      propertyPath: m_Volume
      value: 0.705
      objectReference: {fileID: 0}
    - target: {fileID: 4677362117897743486, guid: 65785a4b48762ff4b9f52f9a824bb2ff, type: 3}
      propertyPath: m_audioClip
      value: 
      objectReference: {fileID: 8300000, guid: a701a552885cde24791b591635c4deaa, type: 3}
    - target: {fileID: 5577817535248482553, guid: 65785a4b48762ff4b9f52f9a824bb2ff, type: 3}
      propertyPath: fireRate
      value: 2.5
      objectReference: {fileID: 0}
    - target: {fileID: 5577817535248482553, guid: 65785a4b48762ff4b9f52f9a824bb2ff, type: 3}
      propertyPath: projectileSpeed
      value: 10
      objectReference: {fileID: 0}
    - target: {fileID: 5577817535248482553, guid: 65785a4b48762ff4b9f52f9a824bb2ff, type: 3}
      propertyPath: damagePerProjectile
      value: 3
      objectReference: {fileID: 0}
    - target: {fileID: 8968033827062317985, guid: 65785a4b48762ff4b9f52f9a824bb2ff, type: 3}
      propertyPath: m_Name
      value: RightGun
      objectReference: {fileID: 0}
    - target: {fileID: 8968033827062317985, guid: 65785a4b48762ff4b9f52f9a824bb2ff, type: 3}
      propertyPath: m_Layer
      value: 6
      objectReference: {fileID: 0}
    - target: {fileID: 8968033827062317985, guid: 65785a4b48762ff4b9f52f9a824bb2ff, type: 3}
      propertyPath: m_IsActive
      value: 1
      objectReference: {fileID: 0}
    - target: {fileID: 8968033827062317985, guid: 65785a4b48762ff4b9f52f9a824bb2ff, type: 3}
      propertyPath: m_TagString
      value: Player
      objectReference: {fileID: 0}
    m_RemovedComponents:
    - {fileID: 5761546757249357514, guid: 65785a4b48762ff4b9f52f9a824bb2ff, type: 3}
    m_RemovedGameObjects: []
    m_AddedGameObjects: []
    m_AddedComponents: []
  m_SourcePrefab: {fileID: 100100000, guid: 65785a4b48762ff4b9f52f9a824bb2ff, type: 3}
--- !u!4 &4853015359617308219 stripped
Transform:
  m_CorrespondingSourceObject: {fileID: 4461562747026150422, guid: 65785a4b48762ff4b9f52f9a824bb2ff, type: 3}
  m_PrefabInstance: {fileID: 9129914028458312237}
  m_PrefabAsset: {fileID: 0}
